@book{wiegers2013software,
  title={Software Requirements},
  author={Wiegers, K. and Beatty, J.},
  isbn={9780735679627},
  series={Developer Best Practices},
  url={https://books.google.nl/books?id=nbpCAwAAQBAJ},
  year={2013},
  publisher={Pearson Education}
}

@report{RFC2119,
  shorthand = {RFC2119},
  author = {Bradner, S.},
  year = {1997},
  month = {3},
  title = {Key words for use in {RFCs} to Indicate Requirement Levels},
  note = {RFC 2119},
}

@misc{greenifynow,
  author = {Rik Langendoen},
  title = {How to reduce home energy-related costs},
  howpublished = "\url{http://greenifynow.com/wp/?p=795}",
  year = {2013}, 
  note = "[Online; accessed 22-November-2015]"
}